@online{litval,
  title = "Literaturwerte von Messing",
  urldate = "2017-11-12",
  url = "https://de.wikipedia.org/wiki/Messing"
}
